
@misc{taylor2020,
	title = {Data {Warehouse} vs {Data} {Mart} â€“ {Difference} {Between} {Them}},
	url = {https://www.guru99.com/data-warehouse-vs-data-mart.html},
	abstract = {What is Data Warehouse? A Data Warehouse collects and manages data from varied sources to provide meaningful business insights. It is a collection of data which is separate from the operational system},
	language = {en-US},
	urldate = {2022-10-29},
	author = {Taylor, David},
	month = mar,
	year = {2020},
	keywords = {Gelesen, Notizen gemacht, Sehr Wichtig},
	file = {Snapshot:C\:\\Users\\tomfr\\Zotero\\storage\\72DKNIQE\\data-warehouse-vs-data-mart.html:text/html},
}
