
@misc{fluhr2012,
	title = {Autonomes {Fahren} seit 1945: {Chronik} der {Roboterautos} {\textbar} {Autonomes} {Fahren} \& {Co}},
	shorttitle = {Autonomes {Fahren} seit 1945},
	url = {https://www.autonomes-fahren.de/geschichte-des-autonomen-fahrens/},
	abstract = {Das Autonome Fahren wird immer als Zukunftsprojekt dargestellt, bei welchem man immer an die modernste Wissenschaft denkt. Doch tatsächlich liegen die Ursprünge dieser Technik weiter zurück als man annehmen könnte. Diese kleine Chronik will die Entwicklungen in der Geschichte bis in die Gegenwart aufzeichnen und aufzeigen, dass diese Entwicklung schon seit Jahrzehnten besteht und fortdauert:},
	language = {de-DE},
	urldate = {2022-12-31},
	author = {Fluhr, David},
	month = jul,
	year = {2012},
	file = {Snapshot:C\:\\Users\\tomfr\\Zotero\\storage\\4GA6XHE2\\geschichte-des-autonomen-fahrens.html:text/html},
}

@article{altenburg2018,
	title = {Einführung von {Automatisierungsfunktionen} in der {Pkw}-{Flotte}},
	language = {de},
	author = {Altenburg, Sven},
	month = oct,
	year = {2018},
	file = {altenburg2018.pdf:C\:\\Users\\tomfr\\OneDrive\\Notizen\\Uni Tom\\Sonstiges\\PDF's\\altenburg2018.pdf:application/pdf},
}

@misc{defenseadvancedresearchprojectsagency,
	title = {{DARPA} {Urban} {Challenge}},
	url = {https://www.darpa.mil/about-us/timeline/darpa-urban-challenge},
	urldate = {2022-12-31},
	author = {{Defense Advanced Research Projects Agency}},
	file = {DARPA Urban Challenge:C\:\\Users\\tomfr\\Zotero\\storage\\5IENSCIS\\darpa-urban-challenge.html:text/html},
}

@misc{rudschies2022,
	title = {Autonomes {Fahren}},
	url = {https://www.adac.de/rund-ums-fahrzeug/ausstattung-technik-zubehoer/autonomes-fahren/technik-vernetzung/aktuelle-technik/},
	abstract = {Der aktuelle Stand der Technik.},
	language = {de-DE},
	urldate = {2022-12-31},
	author = {Rudschies, Wolfgang and Kroher, Thomas},
	month = oct,
	year = {2022},
	file = {Snapshot:C\:\\Users\\tomfr\\Zotero\\storage\\XTLWIUS7\\aktuelle-technik.html:text/html},
}

@misc{book2020,
	title = {The “{Next} {Big} {Thing}” in {Technology} : 20 invention that will change the world},
	shorttitle = {The “{Next} {Big} {Thing}” in {Technology}},
	url = {https://medium.com/predict/the-next-big-thing-in-technology-20-invention-that-will-change-the-world-303e000456e9},
	abstract = {From 2022 to 2040(ish)},
	language = {en},
	urldate = {2022-12-31},
	journal = {Predict},
	author = {Book, Adrien},
	month = sep,
	year = {2020},
}

@misc{technischeuniversitatbraunschweig2019,
	title = {Carolo-{Basic}-{Cup} {Regulations} 2020},
	language = {en},
	author = {{Technische Universität Braunschweig}},
	month = aug,
	year = {2019},
	file = {technischeuniversitatbraunschweig2019.pdf:C\:\\Users\\tomfr\\OneDrive\\Notizen\\Uni Tom\\Sonstiges\\PDF's\\technischeuniversitatbraunschweig2019.pdf:application/pdf},
}

@misc{technischeuniversitaetbraunschweig,
	title = {About the {Cup}},
	url = {https://www.tu-braunschweig.de/carolo-cup/home/about-the-cup},
	language = {de},
	urldate = {2023-01-05},
	author = {{Technische Universität Braunschweig}},
	file = {Snapshot:C\:\\Users\\tomfr\\Zotero\\storage\\327HTUHK\\about-the-cup.html:text/html},
}

@misc{technischeuniversitatbraunschweig2017,
	title = {Student {Competition} {Carolo}-{Cup}},
	url = {https://www.tu-braunschweig.de/fileadmin/Redaktionsgruppen/Institute_Fakultaet_5/Carolo-Cup/cup_presentation_en.pdf},
	language = {en},
	urldate = {2023-01-05},
	author = {{Technische Universität Braunschweig}},
	month = jan,
	year = {2017},
	file = {technischeuniversitatbraunschweig2017.pdf:C\:\\Users\\tomfr\\OneDrive\\Notizen\\Uni Tom\\Sonstiges\\PDF's\\technischeuniversitatbraunschweig2017.pdf:application/pdf},
}

@misc{technischeuniversitatbraunschweig2021,
	title = {Carolo-{Basic}-{Cup}@{Home} {Regulations} 2021},
	language = {en},
	author = {{Technische Universität Braunschweig}},
	month = jan,
	year = {2021},
	file = {technischeuniversitatbraunschweig2021.pdf:C\:\\Users\\tomfr\\OneDrive\\Notizen\\Uni Tom\\Sonstiges\\PDF's\\technischeuniversitatbraunschweig2021.pdf:application/pdf},
}
